@article{leisch02,
    author = {Leisch, F.},
    journal = {R News},
    number = {3},
    pages = {28--31},
    pdf = {http://CRAN.R-project.org/doc/Rnews/Rnews\_2002-3.pdf},
    title = {Sweave, Part {I}: Mixing {R} and {\\LaTeX}},
    url = {http://CRAN.R-project.org/doc/Rnews/},
    volume = {2},
    year = {2002}
}

@Book{yihui13,
    title = {Dynamic Documents with {R} and knitr},
    author = {Yihui, X.},
    publisher = {Chapman and Hall/CRC},
    year = {2013},
    note = {ISBN 978-1482203530},
    url = {http://yihui.name/knitr/}
}

