% This file was created with JabRef 2.10b2.
% Encoding: Cp1252


@Manual{allaire14,
  Title                    = {rmarkdown: Dynamic Documents for R},
  Author                   = {JJ Allaire and Jonathan McPherson and Yihui Xie and Hadley Wickham and Joe Cheng and Jeff Allen},
  Note                     = {R package version 0.3.3},
  Year                     = {2014},

  Url                      = {http://CRAN.R-project.org/package=rmarkdown}
}

@Article{fay79,
  Title                    = {Estimation of Income for Small Places: An Application of James-Stein Procedures to Census Data},
  Author                   = {R.E. Fay and R.A. Herriot},
  Journal                  = {Journal of the American Statistical Association},
  Year                     = {1979},
  Pages                    = {269-277},
  Volume                   = {74 (366)}
}

@Article{leisch02,
  Title                    = {Sweave, Part {I}: Mixing {R} and {\\LaTeX}},
  Author                   = {F. Leisch},
  Journal                  = {R News},
  Year                     = {2002},
  Number                   = {3},
  Pages                    = {28--31},
  Volume                   = {2},

  File                     = {_2002-3.pdf:http\://CRAN.R-project.org/doc/Rnews/Rnews\\_2002-3.pdf:PDF},
  Url                      = {http://CRAN.R-project.org/doc/Rnews/}
}

@Book{yihui13,
  Title                    = {Dynamic Documents with {R} and knitr},
  Author                   = {X. Yihui},
  Publisher                = {Chapman and Hall/CRC},
  Year                     = {2013},
  Note                     = {ISBN 978-1482203530},

  Url                      = {http://yihui.name/knitr/}
}

@book{knuth92,
  Author = {Donald E. Knuth},
  Title = {Literate Programming},
  Publisher = {CSLI},
  Address = {Stanford},
  Year = {1992}
  }

@Manual{r14,
  Title = {R: A Language and Environment for Statistical Computing},
  Author = {{R Core Team}},
  Organization = {R Foundation for Statistical Computing},
  Address = {Vienna, Austria},
  Year = {2014},
  Url = {http://www.R-project.org/},
}

@article{pfeffermann13,
ajournal = "Statist. Sci.",
author = "Pfeffermann, Danny",
doi = "10.1214/12-STS395",
journal = "Statistical Science",
month = "02",
number = "1",
pages = "40--68",
publisher = "The Institute of Mathematical Statistics",
title = "New Important Developments in Small Area Estimation",
url = "http://dx.doi.org/10.1214/12-STS395",
volume = "28",
year = "2013"
}

@article{battese88,
  title={An error-components model for prediction of county crop areas using survey and satellite data},
  author={Battese, George E and Harter, Rachel M and Fuller, Wayne A},
  journal={Journal of the American Statistical Association},
  volume={83},
  number={401},
  pages={28--36},
  year={1988},
  publisher={Taylor \& Francis Group}
}

@Manual{wickham14,
  title = {dplyr: A Grammar of Data Manipulation},
  author = {Hadley Wickham and Romain Francois},
  year = {2014},
  note = {R package version 0.3.0.2},
  url = {http://CRAN.R-project.org/package=dplyr}
}

@Book{wickham09,
  author = {Hadley Wickham},
  title = {ggplot2: elegant graphics for data analysis},
  publisher = {Springer New York},
  year = {2009},
  isbn = {978-0-387-98140-6},
  url = {http://had.co.nz/ggplot2/book}
}
  
@Article{wickham07,
  title = {Reshaping Data with the {reshape} Package},
  author = {Hadley Wickham},
  journal = {Journal of Statistical Software},
  year = {2007},
  volume = {21},
  number = {12},
  pages = {1--20},
  url = {http://www.jstatsoft.org/v21/i12/}
}

@Manual{bache14,
  title = {magrittr: magrittr - a forward-pipe operator for R},
  author = {Stefan Milton Bache and Hadley Wickham},
  year = {2014},
  note = {R package version 1.0.1},
  url = {http://CRAN.R-project.org/package=magrittr}
}

@Book{rao03,
  Title                    = {Small Area Estimation},
  Author                   = {J. N. K. Rao},
  Publisher                = {Wiley},
  Year                     = {2003},

  Address                  = {New York}
}

@Manual{molina13,
  title = {sae: Small Area Estimation},
  author = {Isabel Molina and Yolanda Marhuenda},
  year = {2013},
  note = {R package version 1.0-2},
  url = {http://CRAN.R-project.org/package=sae}
}

@Article{alfons10,
  title = {An Object-Oriented Framework for Statistical Simulation: The {R} Package {simFrame}},
  author = {Andreas Alfons and Matthias Templ and Peter Filzmoser},
  journal = {Journal of Statistical Software},
  year = {2010},
  volume = {37},
  number = {3},
  pages = {1--36},
  url = {http://www.jstatsoft.org/v37/i03/},
}